@phdthesis{hay2012mesif,
  title={MESIF Cache Coherence Protocol},
  author={Hay, Andrew},
  year={2012},
  school={ResearchSpace@ Auckland}
}

@article{jeremiassen1995reducing,
  title={Reducing false sharing on shared memory multiprocessors through compile time data transformations},
  author={Jeremiassen, Tor E and Eggers, Susan J},
  journal={ACM SIGPLAN Notices},
  volume={30},
  number={8},
  pages={179--188},
  year={1995},
  publisher={ACM New York, NY, USA}
}


@INPROCEEDINGS{dubnicki1992adjustable,
  author={Dubnicki, C. and LeBlanc, T.J.},
  booktitle={[1992] Proceedings the 19th Annual International Symposium on Computer Architecture}, 
  title={Adjustable Block Size Coherent Caches}, 
  year={1992},
  volume={},
  number={},
  pages={170-180},
  doi={10.1109/ISCA.1992.753314}}